@online{example,
title = {Material Design},
url = {https://material.io/design},
}
@online{kotlin_highlight,
title = {Kotlin for LaTeX Listings on github},
url = {https://github.com/cansik/kotlin-latex-listing},
}
@online{environment,
title = {Material Design environment},
url = {https://material.io/design/environment/surfaces.html#material-environment},
}
@online{layout_start,
title = {Material Design layout Principi},
url = {hhttps://material.io/design/layout/understanding-layout.html#principles},
}
@online{layout_misure,
title = {Material Design layout misure},
url = {https://material.io/design/layout/understanding-layout.html#composition},
}
@online{layout_organizzazione,
title = {Material Design layout organizzazione},
url = {https://material.io/design/layout/understanding-layout.html#material-measurements},
}
@online{layout_grid,
title = {Material Design layout grid},
url = {https://material.io/design/layout/responsive-layout-grid.html#columns-gutters-and-margins},
}
@online{layout_spacing,
title = {Material Design layout spacing},
url = {https://material.io/design/layout/spacing-methods.html#spacing},
}
@online{layout_containers,
title = {Material Design layout containers},
url = {https://material.io/design/layout/spacing-methods.html#containers-and-ratios},
}
@online{layout_density,
title = {Material Design layout density},
url = {https://material.io/design/layout/applying-density.html#usage},
}
@online{color_tool,
title = {Material Color Tool},
url = {https://material.io/resources/color/#!/?view.left=0&view.right=0&primary.color=6002ee}
}

